<?xml version="1.0" encoding="UTF-8"?><collection xmlns="http://www.loc.gov/MARC21/slim"><record><leader>00338nam--2200121-i-4500</leader><controlfield tag="001">000044893</controlfield><controlfield tag="002">20161230</controlfield><controlfield tag="005">20161230201044</controlfield><controlfield tag="008">060222s1000------------r-----000-0-eng-d</controlfield><datafield ind1=" " ind2=" " tag="100"><subfield code="a">Titeica, S</subfield></datafield><datafield ind1=" " ind2=" " tag="245"><subfield code="a">Formulation covariante des lois de la mecanique statistique</subfield></datafield><datafield ind1=" " ind2=" " tag="260"><subfield code="a">Bucuresti, Acad.R.P.R., 1956, 4p.Lito(Ifa/Et/24)</subfield></datafield><datafield ind1=" " ind2=" " tag="852"><subfield code="a">4748</subfield></datafield></record></collection>